@misc{opensource,
    title={Open Source},
    howpublished="\url{https://pt.wikipedia.org/wiki/C%C3%B3digo_aberto}"
}

@misc{puppetdb,
    title={PuppetDB},
    howpublished="\url{https://puppet.com/docs/puppetdb/7/overview.html}"
}

@misc{puppet,
    title={Puppet},
    howpublished="\url{https://puppet.com/}"
}

@misc{facter,
    title={Facter},
    howpublished="\url{https://puppet.com/docs/puppet/7/facter.html}"
}

@misc{hiera,
    title={Hiera},
    howpublished="\url{https://puppet.com/docs/puppet/7/hiera_intro.html}"
}
@misc{r10k,
    title={r10k},
    howpublished="\url{https://puppet.com/docs/pe/2019.8/r10k.html}"
}

@misc{puppet-master,
    title={Puppet Master},
    howpublished="\url{https://puppet.com/docs/puppet/7/server/about_server.html}"
}

@misc{puppet-agent,
    title={Puppet Agent},
    howpublished="\url{https://puppet.com/docs/puppet/7/install_agents.html}"
}

@misc{slack,
    title={Slack},
    howpublished="\url{https://slack.com/}"
}

@misc{git,
    title={Git},
    howpublished="\url{https://git-scm.com/}"
}

@misc{github,
    title={Github},
    howpublished="\url{https://github.com/}"
}

@misc{ubuntu,
    title={Ubuntu},
    howpublished="\url{https://ubuntu.com/}"
}

@misc{linux,
	title={Linux},
	howpublished="\url{https://linux.org/}"
}

@misc{markdown,
    title={Markdown},
    howpublished="\url{https://www.markdownguide.org/}"
}

@misc{ntp,
    title={NTP},
    howpublished="\url{https://forge.puppet.com/modules/puppetlabs/ntp}"
}

@misc{catalog,
    title={Catalog},
    howpublished="\url{https://puppet.com/docs/puppet/7/subsystem_catalog_compilation.html}"
}